@article{vaswani2017attention,
  title={Attention is all you need},
  author={Vaswani, Ashish and Shazeer, Noam and Parmar, Niki and Uszkoreit, Jakob and Jones, Llion and Gomez, Aidan N and Kaiser, {\L}ukasz and Polosukhin, Illia},
  journal={Advances in neural information processing systems},
  year={2017}
}

@inproceedings{chen2022align,
  title={Align, Reason and Learn: Enhancing Medical Vision-and-Language Pre-training with Knowledge},
  author={Chen, Zhihong and Li, Guanbin and Wan, Xiang},
  booktitle={Proceedings of the 30th ACM International Conference on Multimedia},
  pages={5152--5161},
  year={2022}
}

@article{chen2023towards,
  title={Towards Unifying Medical Vision-and-Language Pre-training via Soft Prompts},
  author={Chen, Zhihong and Diao, Shizhe and Wang, Benyou and Li, Guanbin and Wan, Xiang},
  journal={arXiv preprint arXiv:2302.08958},
  year={2023}
}

@article{moon2022multi,
  title={Multi-modal understanding and generation for medical images and text via vision-language pre-training},
  author={Moon, Jong Hak and Lee, Hyungyung and Shin, Woncheol and Kim, Young-Hak and Choi, Edward},
  journal={IEEE Journal of Biomedical and Health Informatics},
  pages={6070--6080},
  year={2022},
  publisher={IEEE}
}

@inproceedings{yan2022clinical,
  title={Clinical-BERT: Vision-Language Pre-training for Radiograph Diagnosis and Reports Generation},
  author={Yan, Bin and Pei, Mingtao},
  booktitle={Proceedings of the AAAI Conference on Artificial Intelligence},
  pages={2982--2990},
  year={2022}
}

@inproceedings{chen2022multi,
  title={Multi-modal Masked Autoencoders for Medical Vision-and-Language Pre-training},
  author={Chen, Zhihong and Du, Yuhao and Hu, Jinpeng and Liu, Yang and Li, Guanbin and Wan, Xiang and Chang, Tsung-Hui},
  booktitle={Medical Image Computing and Computer Assisted Intervention--MICCAI 2022: 25th International Conference, Singapore, September 18--22, 2022, Proceedings, Part V},
  pages={679--689},
  year={2022},
  organization={Springer}
}

@article{Wang2022MedCLIPCL,
  title={MedCLIP: Contrastive Learning from Unpaired Medical Images and Text},
  author={Zifeng Wang and Zhenbang Wu and Dinesh Agarwal and Jimeng Sun},
  journal={ArXiv},
  year={2022},
}

@inproceedings{chen2022c,
  title={C-CAM: Causal CAM for Weakly Supervised Semantic Segmentation on Medical Image},
  author={Chen, Zhang and Tian, Zhiqiang and Zhu, Jihua and Li, Ce and Du, Shaoyi},
  booktitle={Proceedings of the IEEE/CVF Conference on Computer Vision and Pattern Recognition},
  pages={11676--11685},
  year={2022}
}

@article{kavur2021chaos,
  title={CHAOS challenge-combined (CT-MR) healthy abdominal organ segmentation},
  author={Kavur, A Emre and Gezer, N Sinem and Bar{\i}{\c{s}}, Mustafa and Aslan, Sinem and Conze, Pierre-Henri and Groza, Vladimir and Pham, Duc Duy and Chatterjee, Soumick and Ernst, Philipp and {\"O}zkan, Sava{\c{s}} and others},
  journal={Medical Image Analysis},
  pages={101950},
  year={2021},
  publisher={Elsevier}
}

@InProceedings{Dou_2022_CVPR,
    author    = {Dou, Zi-Yi and Xu, Yichong and Gan, Zhe and Wang, Jianfeng and Wang, Shuohang and Wang, Lijuan and Zhu, Chenguang and Zhang, Pengchuan and Yuan, Lu and Peng, Nanyun and Liu, Zicheng and Zeng, Michael},
    title     = {An Empirical Study of Training End-to-End Vision-and-Language Transformers},
    booktitle = {Proceedings of the IEEE/CVF Conference on Computer Vision and Pattern Recognition (CVPR)},
    month     = {June},
    year      = {2022},
    pages     = {18166-18176}
}

@article{dosovitskiy2020vit,
  title={An Image is Worth 16x16 Words: Transformers for Image Recognition at Scale},
  author={Dosovitskiy, Alexey and Beyer, Lucas and Kolesnikov, Alexander and Weissenborn, Dirk and Zhai, Xiaohua and Unterthiner, Thomas and  Dehghani, Mostafa and Minderer, Matthias and Heigold, Georg and Gelly, Sylvain and Uszkoreit, Jakob and Houlsby, Neil},
  journal={ICLR},
  year={2021}
}

@inproceedings{radford2021learning,
  title={Learning transferable visual models from natural language supervision},
  author={Radford, Alec and Kim, Jong Wook and Hallacy, Chris and Ramesh, Aditya and Goh, Gabriel and Agarwal, Sandhini and Sastry, Girish and Askell, Amanda and Mishkin, Pamela and Clark, Jack and others},
  booktitle={International conference on machine learning},
  pages={8748--8763},
  year={2021},
  organization={PMLR}
}

@InProceedings{He_2016_CVPR,
author = {He, Kaiming and Zhang, Xiangyu and Ren, Shaoqing and Sun, Jian},
title = {Deep Residual Learning for Image Recognition},
booktitle = {Proceedings of the IEEE Conference on Computer Vision and Pattern Recognition (CVPR)},
month = {June},
year = {2016}
}

@InProceedings{Liu_2021_ICCV,
    author    = {Liu, Ze and Lin, Yutong and Cao, Yue and Hu, Han and Wei, Yixuan and Zhang, Zheng and Lin, Stephen and Guo, Baining},
    title     = {Swin Transformer: Hierarchical Vision Transformer Using Shifted Windows},
    booktitle = {Proceedings of the IEEE/CVF International Conference on Computer Vision (ICCV)},
    month     = {October},
    year      = {2021},
    pages     = {10012-10022}
}

@inproceedings{zhuang-etal-2021-robustly,
    title = "A Robustly Optimized {BERT} Pre-training Approach with Post-training",
    author = "Zhuang, Liu  and
      Wayne, Lin  and
      Ya, Shi  and
      Jun, Zhao",
    booktitle = "Proceedings of the 20th Chinese National Conference on Computational Linguistics",
    year = "2021",
    pages = "1218--1227",
}

@inproceedings{ronneberger2015u,
  title={U-net: Convolutional networks for biomedical image segmentation},
  author={Ronneberger, Olaf and Fischer, Philipp and Brox, Thomas},
  booktitle={Medical Image Computing and Computer-Assisted Intervention--MICCAI 2015: 18th International Conference, Munich, Germany, October 5-9, 2015, Proceedings, Part III 18},
  pages={234--241},
  year={2015},
  organization={Springer}
}

@inproceedings{Pelka2018RadiologyOI,
  title={Radiology Objects in COntext (ROCO): A Multimodal Image Dataset},
  author={Obioma Pelka and Sven Koitka and Johannes R{\"u}ckert and Felix Nensa and C. Friedrich},
  booktitle={CVII-STENT/LABELS@MICCAI},
  year={2018}
}

@inproceedings{subramanian-2020-medicat,
    title={{MedICaT: A Dataset of Medical Images, Captions, and Textual References}},
    author={Sanjay Subramanian, Lucy Lu Wang, Sachin Mehta, Ben Bogin, Madeleine van Zuylen, Sravanthi Parasa, Sameer Singh, Matt Gardner, and Hannaneh Hajishirzi},
    year={2020},
    booktitle={Findings of EMNLP}
}

@inproceedings{liu2021slake,
  title={Slake: A semantically-labeled knowledge-enhanced dataset for medical visual question answering},
  author={Liu, Bo and Zhan, Li-Ming and Xu, Li and Ma, Lin and Yang, Yan and Wu, Xiao-Ming},
  booktitle={2021 IEEE 18th International Symposium on Biomedical Imaging (ISBI)},
  pages={1650--1654},
  year={2021},
  organization={IEEE}
}

@inproceedings{kingma2015adam,
  title={{Adam: A Method for Stochastic Optimization}},
  author={Kingma, Diederik P and Ba, Jimmy},
  booktitle={Proceedings of International Conference on Representation Learning},
  year={2015}
}

@inproceedings{cubuk2020randaugment,
  title={Randaugment: Practical automated data augmentation with a reduced search space},
  author={Cubuk, Ekin D and Zoph, Barret and Shlens, Jonathon and Le, Quoc V},
  booktitle={Proceedings of the IEEE/CVF conference on computer vision and pattern recognition workshops},
  pages={702--703},
  year={2020}
}

@article{paszke2017automatic,
  title={Automatic differentiation in pytorch},
  author={Paszke, Adam and Gross, Sam and Chintala, Soumith and Chanan, Gregory and Yang, Edward and DeVito, Zachary and Lin, Zeming and Desmaison, Alban and Antiga, Luca and Lerer, Adam},
  year={2017}
}
@article{wolf2019huggingface,
  title={Huggingface's transformers: State-of-the-art natural language processing},
  author={Wolf, Thomas and Debut, Lysandre and Sanh, Victor and Chaumond, Julien and Delangue, Clement and Moi, Anthony and Cistac, Pierric and Rault, Tim and Louf, R{\'e}mi and Funtowicz, Morgan and others},
  journal={arXiv preprint arXiv:1910.03771},
  year={2019}
}

@inproceedings{eslami-etal-2023-pubmedclip,
    title = "{P}ub{M}ed{CLIP}: How Much Does {CLIP} Benefit Visual Question Answering in the Medical Domain?",
    author = "Eslami, Sedigheh  and
      Meinel, Christoph  and
      de Melo, Gerard",
    booktitle = "Findings of the Association for Computational Linguistics: EACL 2023",
    year = "2023",
    publisher = "Association for Computational Linguistics",
    pages = "1181--1193",
}

@inproceedings{houlsby2019parameter,
  title={Parameter-efficient transfer learning for NLP},
  author={Houlsby, Neil and Giurgiu, Andrei and Jastrzebski, Stanislaw and Morrone, Bruna and De Laroussilhe, Quentin and Gesmundo, Andrea and Attariyan, Mona and Gelly, Sylvain},
  booktitle={International Conference on Machine Learning},
  pages={2790--2799},
  year={2019},
  organization={PMLR}
}

@article{DBLP:journals/corr/abs-2003-10286,
  author       = {Xuehai He and
                  Yichen Zhang and
                  Luntian Mou and
                  Eric P. Xing and
                  Pengtao Xie},
  title        = {PathVQA: 30000+ Questions for Medical Visual Question Answering},
  journal      = {CoRR},
  year         = {2020},
}

@article{lau2018dataset,
  title={A dataset of clinically generated visual questions and answers about radiology images},
  author={Lau, Jason J and Gayen, Soumya and Ben Abacha, Asma and Demner-Fushman, Dina},
  journal={Scientific data},
  pages={1--10},
  year={2018},
  publisher={Nature Publishing Group}
}

@inproceedings{ben2019vqa,
  title={Vqa-med: Overview of the medical visual question answering task at imageclef 2019},
  author={Ben Abacha, Asma and Hasan, Sadid A and Datla, Vivek V and Demner-Fushman, Dina and M{\"u}ller, Henning},
  booktitle={Proceedings of CLEF (Conference and Labs of the Evaluation Forum) 2019 Working Notes},
  year={2019},
}

@inproceedings{li2020oscar,
  title={Oscar: Object-semantics aligned pre-training for vision-language tasks},
  author={Li, Xiujun and Yin, Xi and Li, Chunyuan and Zhang, Pengchuan and Hu, Xiaowei and Zhang, Lei and Wang, Lijuan and Hu, Houdong and Dong, Li and Wei, Furu and others},
  booktitle={Computer Vision--ECCV 2020: 16th European Conference, Glasgow, UK, August 23--28, 2020, Proceedings, Part XXX 16},
  pages={121--137},
  year={2020},
  organization={Springer}
}

@article{li2021align,
  title={Align before fuse: Vision and language representation learning with momentum distillation},
  author={Li, Junnan and Selvaraju, Ramprasaath and Gotmare, Akhilesh and Joty, Shafiq and Xiong, Caiming and Hoi, Steven Chu Hong},
  journal={Advances in neural information processing systems},
  pages={9694--9705},
  year={2021}
}

@inproceedings{li2022blip,
  title={Blip: Bootstrapping language-image pre-training for unified vision-language understanding and generation},
  author={Li, Junnan and Li, Dongxu and Xiong, Caiming and Hoi, Steven},
  booktitle={International Conference on Machine Learning},
  pages={12888--12900},
  year={2022},
  organization={PMLR}
}

@inproceedings{lin2014microsoft,
  title={Microsoft coco: Common objects in context},
  author={Lin, Tsung-Yi and Maire, Michael and Belongie, Serge and Hays, James and Perona, Pietro and Ramanan, Deva and Doll{\'a}r, Piotr and Zitnick, C Lawrence},
  booktitle={Computer Vision--ECCV 2014: 13th European Conference, Zurich, Switzerland, September 6-12, 2014, Proceedings, Part V 13},
  pages={740--755},
  year={2014},
  organization={Springer}
}

@inproceedings{zhang2021vinvl,
  title={Vinvl: Revisiting visual representations in vision-language models},
  author={Zhang, Pengchuan and Li, Xiujun and Hu, Xiaowei and Yang, Jianwei and Zhang, Lei and Wang, Lijuan and Choi, Yejin and Gao, Jianfeng},
  booktitle={Proceedings of the IEEE/CVF conference on computer vision and pattern recognition},
  pages={5579--5588},
  year={2021}
}

@InProceedings{VQA,
author = {Stanislaw Antol and Aishwarya Agrawal and Jiasen Lu and Margaret Mitchell and Dhruv Batra and C. Lawrence Zitnick and Devi Parikh},
title = {{VQA}: {V}isual {Q}uestion {A}nswering},
booktitle = {International Conference on Computer Vision (ICCV)},
year = {2015},
}

@InProceedings{balanced_binary_vqa,
author = {Peng Zhang and Yash Goyal and Douglas Summers{-}Stay and Dhruv Batra and Devi Parikh},
title = {{Y}in and {Y}ang: Balancing and Answering Binary Visual Questions},
booktitle = {Conference on Computer Vision and Pattern Recognition (CVPR)},
year = {2016},
}

@InProceedings{balanced_vqa_v2,
author = {Yash Goyal and Tejas Khot and Douglas Summers{-}Stay and Dhruv Batra and Devi Parikh},
title = {Making the {V} in {VQA} Matter: Elevating the Role of Image Understanding in {V}isual {Q}uestion {A}nswering},
booktitle = {Conference on Computer Vision and Pattern Recognition (CVPR)},
year = {2017},
}

@inproceedings{khare2021mmbert,
  title={Mmbert: Multimodal bert pretraining for improved medical vqa},
  author={Khare, Yash and Bagal, Viraj and Mathew, Minesh and Devi, Adithi and Priyakumar, U Deva and Jawahar, CV},
  booktitle={2021 IEEE 18th International Symposium on Biomedical Imaging (ISBI)},
  pages={1033--1036},
  year={2021},
  organization={IEEE}
}

@inproceedings{nguyen2019overcoming,
  title={Overcoming data limitation in medical visual question answering},
  author={Nguyen, Binh D and Do, Thanh-Toan and Nguyen, Binh X and Do, Tuong and Tjiputra, Erman and Tran, Quang D},
  booktitle={Medical Image Computing and Computer Assisted Intervention--MICCAI 2019: 22nd International Conference, Shenzhen, China, October 13--17, 2019, Proceedings, Part IV 22},
  pages={522--530},
  year={2019},
  organization={Springer}
}

@inproceedings{do2021multiple,
  title={Multiple meta-model quantifying for medical visual question answering},
  author={Do, Tuong and Nguyen, Binh X and Tjiputra, Erman and Tran, Minh and Tran, Quang D and Nguyen, Anh},
  booktitle={Medical Image Computing and Computer Assisted Intervention--MICCAI 2021: 24th International Conference, Strasbourg, France, September 27--October 1, 2021, Proceedings, Part V 24},
  pages={64--74},
  year={2021},
  organization={Springer}
}

@article{gong2022vqamix,
  title={VQAMix: Conditional triplet mixup for medical visual question answering},
  author={Gong, Haifan and Chen, Guanqi and Mao, Mingzhi and Li, Zhen and Li, Guanbin},
  journal={IEEE Transactions on Medical Imaging},
  pages={3332--3343},
  year={2022},
  publisher={IEEE}
}

@inproceedings{zhang2022type,
  title={Type-aware medical visual question answering},
  author={Zhang, Anda and Tao, Wei and Li, Ziyan and Wang, Haofen and Zhang, Wenqiang},
  booktitle={ICASSP 2022-2022 IEEE International Conference on Acoustics, Speech and Signal Processing (ICASSP)},
  pages={4838--4842},
  year={2022},
  organization={IEEE}
}

@techreport{rumelhart1985learning,
  title={Learning internal representations by error propagation},
  author={Rumelhart, David E and Hinton, Geoffrey E and Williams, Ronald J},
  year={1985},
  institution={California Univ San Diego La Jolla Inst for Cognitive Science}
}

@inproceedings{devlin-etal-2019-bert,
    title = "{BERT}: Pre-training of Deep Bidirectional Transformers for Language Understanding",
    author = "Devlin, Jacob  and
      Chang, Ming-Wei  and
      Lee, Kenton  and
      Toutanova, Kristina",
    booktitle = "Proceedings of the 2019 Conference of the North {A}merican Chapter of the Association for Computational Linguistics: Human Language Technologies, Volume 1 (Long and Short Papers)",
    month = jun,
    year = "2019",
    address = "Minneapolis, Minnesota",
    publisher = "Association for Computational Linguistics",
    url = "https://aclanthology.org/N19-1423",
    pages = "4171--4186",
}

@article{brown2020language,
  title={Language models are few-shot learners},
  author={Brown, Tom and Mann, Benjamin and Ryder, Nick and Subbiah, Melanie and Kaplan, Jared D and Dhariwal, Prafulla and Neelakantan, Arvind and Shyam, Pranav and Sastry, Girish and Askell, Amanda and others},
  journal={Advances in neural information processing systems},

  pages={1877--1901},
  year={2020}
}

@inproceedings{tan2019lxmert,
  added-at = {2020-10-18T16:20:33.000+0200},
  author = {Tan, Hao and Bansal, Mohit},
  booktitle = {EMNLP/IJCNLP (1)},
  pages = {5099-5110},
  publisher = {Association for Computational Linguistics},
  timestamp = {2020-10-18T16:20:33.000+0200},
  title = {LXMERT: Learning Cross-Modality Encoder Representations from Transformers.},
  year = 2019
}

@article{lu2019vilbert,
  title={Vilbert: Pretraining task-agnostic visiolinguistic representations for vision-and-language tasks},
  author={Lu, Jiasen and Batra, Dhruv and Parikh, Devi and Lee, Stefan},
  journal={Advances in neural information processing systems},
  year={2019}
}

@inproceedings{liu2022dpt,
    author={Liu, Yuhang and Wei, Wei and Peng, Daowan and Zhu, Feida},
    title={Declaration-based Prompt Tuning for Visual Question Answering},
    booktitle={Proceedings of the Thirty-first International Joint Conference on Artificial Intelligence, {IJCAI-22}},
    year={2022}
}
